@inproceedings{Szegedy_2015,
  doi = {10.1109/cvpr.2015.7298594},
  url = {https://doi.org/10.1109%2Fcvpr.2015.7298594},
  year = {2015},
  month = {jun},
  publisher = {{IEEE}},
  author = {Christian Szegedy and  Wei Liu and  Yangqing Jia and Pierre Sermanet and Scott Reed and Dragomir Anguelov and Dumitru Erhan and Vincent Vanhoucke and Andrew Rabinovich},
  title = {{Going deeper with convolutions}},
  booktitle = {2015 {IEEE} Conference on Computer Vision and Pattern Recognition ({CVPR})},
}


@article{McCulloch_1943,
  doi = {10.1007/bf02478259},
  url = {https://doi.org/10.1007%2Fbf02478259},
  year = {1943},
  month = {dec},
  publisher = {Springer Nature},
  volume = {5},
  number = {4},
  pages = {115--133},
  author = {Warren S. McCulloch and Walter Pitts},
  title = {{A logical calculus of the ideas immanent in nervous activity}},
  journal = {The Bulletin of Mathematical Biophysics},
}


@inproceedings{Weng,
  doi = {10.1109/ijcnn.1992.287150},
  url = {https://doi.org/10.1109%2Fijcnn.1992.287150},
  publisher = {{IEEE}},
  author = {J. Weng and N. Ahuja and T.S. Huang},
  title = {{Cresceptron: a self-organizing neural network which grows adaptively}},
  booktitle = {[Proceedings 1992] {IJCNN} International Joint Conference on Neural Networks},
}


@incollection{Weng_1992,
  doi = {10.1007/3-540-56346-6_27},
  url = {https://doi.org/10.1007%2F3-540-56346-6_27},
  year = {1992},
  publisher = {Springer Berlin Heidelberg},
  pages = {32--33},
  author = {J. Weng and T. S. Huang and N. Ahuja},
  title = {{Object recognition by a self-organizing neural network which grows adaptively}},
  booktitle = {Lecture Notes in Computer Science},
}
